% Encoding: UTF-8

@Article{Bessho2005,
  author        = {Bessho, N. and Bhattacharjee, A.},
  title         = {Collisionless Reconnection in an Electron-Positron Plasma},
  journal       = {Phys. Rev. Lett.},
  year          = {2005},
  volume        = {95},
  pages         = {245001},
  month         = {Dec},
  doi           = {10.1103/PhysRevLett.95.245001},
  file          = {:PhysRevLett.95.245001.pdf:PDF},
  groups        = {Tearing Instibility, recconection},
  issue         = {24},
  numpages      = {4},
  publisher     = {American Physical Society},
  url           = {https://link.aps.org/doi/10.1103/PhysRevLett.95.245001},
}

@PhdThesis{钱磊2009,
  author        = {钱磊},
  title         = {黑洞吸积盘结构和辐射的理论研究},
  year          = {2009},
  __markedentry = {[chen:]},
  file          = {:黑 洞 吸 积 盘 结 构 和 辐 射 的 理 论 研 究.pdf:PDF},
}

@Book{Junhan1998,
  title         = {天体物理中的辐射机制},
  year          = {1998},
  author        = {俊汉},
  __markedentry = {[chen:]},
  file          = {:╠ь╠х╬я└э╓╨╡─╖°╔ф╗·╓╞ги╡┌╢■░цгй ╙╚┐б║║.pdf:PDF},
}

@PhdThesis{谢富国2009,
  author        = {谢富国},
  title         = {黑洞热吸积流的理论研究},
  school        = {中国科学院研究生院},
  year          = {2009},
  __markedentry = {[chen:]},
  file          = {:phd_fgxie.pdf:PDF},
}

@Book{Chen1984,
  title         = {INTRODUCTION TO PLASMA PHYSICS AND CONTROLLED FUSION II EDITION},
  publisher     = {Plenum Press},
  year          = {1984},
  author        = {Francis F. Chen},
  __markedentry = {[chen:]},
  file          = {:plasma francis chen.pdf:PDF},
}

@Book{Energy1326,
  title     = {HIgh Energy Astrophysics Third Edition},
  publisher = {Cambridge University Press},
  year      = {2011},
  author    = {MALCOLM S. LONGAIR},
  file      = {:High Energy Astrophysics.pdf:PDF},
}

@InProceedings{Alexander2017,
  author = {Gareth P. Alexander},
  title  = {PX436: General Relativity},
  year   = {2017},
  file   = {:general_relativity_px436.pdf:PDF},
}

@InProceedings{Marsh2012,
  author = {Tom Marsh and Elizabeth Stanway},
  title  = {Notes for PX436, General Relativity},
  year   = {2012},
  file   = {:General relativity notes for students.pdf:PDF},
}

@InProceedings{,
  author = {Daniel Baumann},
  title  = {Cosmology Part III Mathematical Tripos},
  year   = {2014},
  file   = {:Lectures——Cosmology.pdf:PDF},
}

@InProceedings{,
  author = {Daniel Baumann},
  title  = {Cosmology Part III Mathematical Tripos},
  year   = {2015},
  file   = {:Lectures_cosmology_cam.pdf:PDF},
}

@InProceedings{0.25,
  author = {Daniel Baumann},
  title  = {Cosmology Lecture Scripts},
  file   = {:Lecture-Scripts_cosmology.pdf:PDF},
}

@Book{,
  title     = {Modern Cosmology},
  publisher = {Academic Press},
  year      = {2003},
  author    = {Scott Dodelson},
  file      = {:Modern+Cosmology【Scott+Dodelson】.pdf:PDF},
}

@Book{Gurnett2005,
  title         = {{Introduction to Plasma Physics}},
  year          = {2005},
  author        = {{Gurnett}, D.~A. and {Bhattacharjee}, A.},
  month         = jan,
  __markedentry = {[chen:6]},
  adsnote       = {Provided by the SAO/NASA Astrophysics Data System},
  adsurl        = {http://adsabs.harvard.edu/abs/2005ipp..book.....G},
  booktitle     = {Introduction to Plasma Physics, by D.~A.~Gurnett and A.~Bhattacharjee, pp.~462.~ISBN 0521364833.~Cambridge, UK: Cambridge University Press, January 2005.},
  file          = {:Gurnett D.A., Bhattacharjee A. Introduction to plasma physics (draft, CUP, 2005)(ISBN 0521364833)(O)(418s)_PPl_.pdf:PDF},
  pages         = {462},
}

@Comment{jabref-meta: databaseType:bibtex;}
